<record><leader>00000cas a2200000 i 4500</leader><controlfield tag="001">794288668</controlfield><controlfield tag="006">m     o  d        </controlfield><controlfield tag="007">cr |||||||||||</controlfield><controlfield tag="008">120525d18591861nyuwr neo     0    0eng c</controlfield><datafield ind1=" " ind2=" " tag="010"><subfield code="a">  2017225064</subfield></datafield><datafield ind1=" " ind2=" " tag="040"><subfield code="a">CRL</subfield><subfield code="b">eng</subfield><subfield code="e">rda</subfield><subfield code="e">pn</subfield><subfield code="c">CRL</subfield><subfield code="d">CRL</subfield><subfield code="d">OCLCQ</subfield><subfield code="d">OCLCF</subfield><subfield code="d">CRL</subfield><subfield code="d">OCLCO</subfield><subfield code="d">COO</subfield><subfield code="d">OCLCQ</subfield><subfield code="d">CRL</subfield></datafield><datafield ind1=" " ind2=" " tag="042"><subfield code="a">pcc</subfield></datafield><datafield ind1=" " ind2=" " tag="043"><subfield code="a">n-us-ny</subfield></datafield><datafield ind1="0" ind2=" " tag="130"><subfield code="a">Weekly Anglo-African (New York, N.Y. : 1859)</subfield></datafield><datafield ind1="1" ind2="4" tag="245"><subfield code="a">The weekly Anglo-African.</subfield></datafield><datafield ind1=" " ind2="1" tag="264"><subfield code="3">1859-</subfield><subfield code="a">New York [N.Y.] :</subfield><subfield code="b">Thos. Hamilton,</subfield><subfield code="c">1859-1861.</subfield></datafield><datafield ind1=" " ind2="3" tag="264"><subfield code="3">-1861</subfield><subfield code="a">New York [N.Y.] :</subfield><subfield code="b">G. Lawrence, Jr.,</subfield><subfield code="c">1859-1861.</subfield></datafield><datafield ind1=" " ind2=" " tag="300"><subfield code="a">1 online resource</subfield></datafield><datafield ind1=" " ind2=" " tag="310"><subfield code="a">Weekly</subfield></datafield><datafield ind1=" " ind2=" " tag="336"><subfield code="a">text</subfield><subfield code="b">txt</subfield><subfield code="2">rdacontent</subfield></datafield><datafield ind1=" " ind2=" " tag="337"><subfield code="a">computer</subfield><subfield code="b">c</subfield><subfield code="2">rdamedia</subfield></datafield><datafield ind1=" " ind2=" " tag="338"><subfield code="a">online resource</subfield><subfield code="b">cr</subfield><subfield code="2">rdacarrier</subfield></datafield><datafield ind1="1" ind2=" " tag="362"><subfield code="a">Began with vol. 1, no. 1 (July 23, 1859); ceased with vol. 2, no. 43 (May 11, 1861).</subfield></datafield><datafield ind1=" " ind2=" " tag="515"><subfield code="a">Issues for Mar. 30-May 11, 1861 called also whole no. 89-95.</subfield></datafield><datafield ind1=" " ind2=" " tag="530"><subfield code="a">Also issued on microfilm from the Library of Congress Photoduplication Service.</subfield></datafield><datafield ind1=" " ind2=" " tag="588"><subfield code="a">Description based on: Reproduction of original print version of vol. 1, no. 1 (July 23, 1859); title from image of original masthead (World Newspaper Archive, viewed Aug. 3, 2017).</subfield></datafield><datafield ind1=" " ind2=" " tag="588"><subfield code="a">Latest issue consulted: Reproduction of original print version of vol. 2, no. 43 (May 11, 1861) (World Newspaper Archive, viewed Aug. 3, 2017).</subfield></datafield><datafield ind1=" " ind2="0" tag="650"><subfield code="a">African American newspapers</subfield><subfield code="z">New York (State)</subfield></datafield><datafield ind1=" " ind2="0" tag="650"><subfield code="a">African Americans</subfield><subfield code="z">New York (State)</subfield><subfield code="v">Newspapers.</subfield></datafield><datafield ind1=" " ind2="0" tag="651"><subfield code="a">New York (N.Y.)</subfield><subfield code="v">Newspapers.</subfield></datafield><datafield ind1=" " ind2="7" tag="650"><subfield code="a">African American newspapers.</subfield><subfield code="2">fast</subfield><subfield code="0">(OCoLC)fst00799278</subfield></datafield><datafield ind1=" " ind2="7" tag="650"><subfield code="a">African Americans.</subfield><subfield code="2">fast</subfield><subfield code="0">(OCoLC)fst00799558</subfield></datafield><datafield ind1=" " ind2="7" tag="651"><subfield code="a">New York (State)</subfield><subfield code="2">fast</subfield><subfield code="0">(OCoLC)fst01210280</subfield></datafield><datafield ind1=" " ind2="7" tag="651"><subfield code="a">New York (State)</subfield><subfield code="z">New York.</subfield><subfield code="2">fast</subfield><subfield code="0">(OCoLC)fst01204333</subfield></datafield><datafield ind1=" " ind2="7" tag="655"><subfield code="a">Newspapers.</subfield><subfield code="2">fast</subfield><subfield code="0">(OCoLC)fst01423814</subfield></datafield><datafield ind1=" " ind2=" " tag="752"><subfield code="a">United States</subfield><subfield code="b">New York</subfield><subfield code="c">New York</subfield><subfield code="d">New York.</subfield></datafield><datafield ind1="0" ind2="8" tag="776"><subfield code="i">Print version:</subfield><subfield code="t">Weekly Anglo-African (New York, N.Y. : 1859)</subfield><subfield code="w">(DLC)sn 83030179</subfield><subfield code="w">(OCoLC)9370610</subfield></datafield><datafield ind1="0" ind2="8" tag="776"><subfield code="i">Microfilm version:</subfield><subfield code="t">Weekly Anglo-African (New York, N.Y. : 1859)</subfield><subfield code="d">[Washington, D.C.] Filmed for the American Council of Learned Societies by the Library of Congress</subfield><subfield code="w">(OCoLC)39351690</subfield></datafield><datafield ind1="0" ind2="8" tag="776"><subfield code="i">Microfilm version:</subfield><subfield code="t">Weekly Anglo-African (New York, N.Y. : 1859)</subfield><subfield code="d">New York : New York Public Library</subfield><subfield code="w">(OCoLC)40592005</subfield></datafield><datafield ind1="0" ind2="0" tag="785"><subfield code="t">Pine and palm</subfield><subfield code="w">(DLC)  2017225065</subfield><subfield code="w">(OCoLC)607389373</subfield></datafield><datafield ind1="4" ind2="0" tag="856"><subfield code="3">Center for Research Libraries: July 1859-July 1860</subfield><subfield code="u">https://dds.crl.edu/crldelivery/19127</subfield><subfield code="z">Center for Research Libraries: July 1859-July 1860</subfield></datafield><datafield ind1="4" ind2="0" tag="856"><subfield code="3">Newsbank World Newspaper Archive. Subscription required.</subfield><subfield code="u">http://infoweb.newsbank.com/?db=WHNPX&amp;s_browseRef=decades/15772840498FDAF0/all.xml</subfield><subfield code="z">Newsbank World Newspaper Archive. Subscription required.</subfield></datafield></record>